@online{hdf5,
    title = { Hierarchical Data Format, version 5 },
    author = { The HDF Group },
    year = { 1997-2018 },
    url = { https://support.hdfgroup.org/HDF5/ },
    urldate = { 2018-02-21 }}

@online{hdf5-intro,
    title = { High Level Introduction to HDF5 },
    date = { 2016-09-23 },
    url = { https://support.hdfgroup.org/HDF5/Tutor/HDF5Intro.pdf },
    urldate = { 2018-02-21 },
    author = { The HDF Group }}
    
@online{VASP,
	title = {About VASP},
    url = {https://www.vasp.at/index.php/about-vasp/59-about-vasp},
    urldate = {2018-02-22}
}    

@online{ELK,
	title = {ELK},
    date = {2017-03-31},
    url = {http://elk.sourceforge.net/elk.pdf},
    urldate = {2018-02-22}
}    
@book{Fermi-energi,
	title = {Solid State Physics},
    author = {Ashcroft, Neil and Mermin, David},
    year = {1976},
    pages = {141}
} 
@online{Fermi-yta,
	title = {Nationalencyklopedin},
    subtitle = {Fermi-yta},
    url = 		{https://www.ne.se/uppslagsverk/encyklopedi/l책ng/fermi-yta},
    urldate = {2018-02-23}
}    
@online{BSD2,
	title = {BSD2},
    url = {https://opensource.org/licenses/BSD-2-Clause},
    urldate = {2018-02-23}
}  
@online{Git,
	title = {Git},
    url = {https://git-scm.com},
    urldate = {2018-02-23}
} 
@online{C++,
	title = {C++},
    url = {http://www.cplusplus.com/info/description/},
    urldate = {2018-02-23}
}  
@online{Inviwo,
	title = {Overview - Inviwo},
    url = {http://www.inviwo.org/overview/},
    urldate = {2018-02-23}
}  
@online{Python,
	title = {Python},
    url = {https://www.python.org},
    urldate = {2018-02-23}
}  
@online{API,
	title = {Nationalencyklopedin},
    subtitle = {API},
    url = {https://www.ne.se/uppslagsverk/encyklopedi/l책ng/api-(data)},
    urldate = {2018-02-23}
}  
@online{GUI,
	title = {Nationalencyklopedin},
    subtitle = {GUI},
    url = {https://www.ne.se/uppslagsverk/encyklopedi/l책ng/api-(data)},
    urldate = {2018-02-23}
} 
@online{Inviwo-release,
	title = {Inviwo Release},
    subtitle = {HDF5 module},
    url = {https:http://www.inviwo.org/2017/10/04/inviwo-0-9-9-released/-(data)},
    urldate = {2018-02-27}
}  
@online{Reciproka-rymden,
	title = {Nationalencyklopedin},
    subtitle = {reciproka rymden},
    url = {http://www.ne.se/uppslagsverk/encyklopedi/l책ng/reciproka-rymden},
    urldate = {2018-02-27}
}    
@online{Wigner-Seitz-radie,
	title = {VASP},
    subtitle = {Wigner-Seitz-radie},
    url = {https://cms.mpi.univie.ac.at/vasp/vasp/RWIGS.html},
    urldate = {2018-03-08}
}    
@online{Reciproka-rymden,
	title = {Nationalencyklopedin},
    subtitle = {Reciproka-rymden},
    url = {https://www.ne.se/uppslagsverk/encyklopedi/l%C3%A5ng/reciproka-rymden},
    urldate = {2018-03-08}
}
@online{raster,
	title = {Ordguru},
    subtitle = {Rastergrafik},
    url = {https://www.ordguru.se/synonymer/rastergrafik},
    urldate = {2018-04-26}
}  